@book{numerical-optimization,
  title={Numerical Optimization},
  author={Lorge Nocedal and Stephen J. Wright},
  isbn={9780387303031},
  series={Springer Series in Operations Research and Financial Engineering},
  year={2006},
  publisher={Springer}
}
